@book{hoffmanlinear,
  title={Linear Algebra},
  author={Hoffman, Kenneth and Kunze, Ray},
  year={1971},
  publisher={Prentice Hall}}

@book{roman2005advanced,
  title={Advanced Linear Algebra},
  author={Roman, Steven},
  year={2005},
  publisher={Springer}
}

@book{greublin,
title={Linear Algebra},
author={Werner H. Greub},
year={1981},
publisher={Springer}}

@book{greubmulti,
title={Multilinear Algebra},
author={Werner H. Greub},
year={1978},
publisher={Springer}}

@book{linalgedusp,
title={Um Curso de Álgebra Linear},
author={Coelho, Flávio and Lourenço, Mary Lilian},
year={2001},
publisher={Edusp}}